@article{zhang2021pointer,
  title={Pointer value retrieval: A new benchmark for understanding the limits of neural network generalization},
  author={Zhang, Chiyuan and Raghu, Maithra and Kleinberg, Jon and Bengio, Samy},
  journal={arXiv preprint arXiv:2107.12580},
  year={2021}
}

@article{fashion,
  title={{Fashion-MNIST}: A novel image dataset for benchmarking machine learning algorithms},
  author={Xiao, Han and Rasul, Kashif and Vollgraf, Roland},
  journal={arXiv preprint arXiv:1708.07747},
  year={2017}
}

@article{mnist,
  title={The {MNIST} database of handwritten digits},
  author={LeCun, Yann and Cortes, Corinna and Burges, Christopher J. C.},
  journal={http://yann. lecun. com/exdb/mnist/},
  year={1998}
}

@article{spherical,
  title={Convolutional networks for spherical signals},
  author={Cohen, Taco and Geiger, Mario and K{\"o}hler, Jonas and Welling, Max},
  journal={arXiv preprint arXiv:1709.04893},
  year={2017}
}